%% This BibTeX bibliography file was created using BibDesk.
%% https://bibdesk.sourceforge.io/

%% Created for Jack DeSerrano at 2021-07-22 09:33:10 -0400 


%% Saved with string encoding Unicode (UTF-8) 



@misc{vieta,
	author = {Wikipedia},
	date-added = {2021-07-22 09:32:12 -0400},
	date-modified = {2021-07-22 09:33:10 -0400},
	howpublished = {\url{https://en.wikipedia.org/wiki/Vieta%27s_formulas}},
	title = {Vieta's formulas}}

@misc{tao,
	author = {Terence Tao},
	date-added = {2021-07-19 22:11:01 -0400},
	date-modified = {2021-07-20 08:51:59 -0400},
	howpublished = {\url{https://terrytao.wordpress.com/2011/07/15/pappuss-theorem-and-elliptic-curves/}},
	month = {July},
	title = {Pappus's theorem and elliptic curves},
	year = {2011}}

@misc{rad6,
	author = {lulu (https://math.stackexchange.com/users/252071/lulu)},
	date-added = {2021-07-19 17:30:26 -0400},
	date-modified = {2021-07-19 17:36:11 -0400},
	howpublished = {\url{https://math.stackexchange.com/q/3114398}},
	title = {Finding all rational points in $x^2+y^2=6$}}

@article{einstein,
	author = {Albert Einstein},
	doi = {http://dx.doi.org/10.1002/andp.19053221004},
	journal = {Annalen der Physik},
	number = {10},
	pages = {891--921},
	title = {{Zur Elektrodynamik bewegter K{\"o}rper}. ({German}) [{On} the electrodynamics of moving bodies]},
	volume = {322},
	year = {1905},
	Bdsk-Url-1 = {http://dx.doi.org/10.1002/andp.19053221004}}

@book{rat,
	author = {Joseph H. Silverman and John Tate},
	date-modified = {2021-07-17 21:05:59 -0400},
	publisher = {Springer-Verlag},
	title = {Rational Points on Elliptic Curves},
	year = {1992}}

@misc{hom,
	author = {Wikipedia},
	date-modified = {2021-07-17 21:09:27 -0400},
	howpublished = {\url{https://en.wikipedia.org/wiki/Homogeneous_function\#Euler's_homogeneous_function_theorem}},
	title = {Homogeneous function},
	url = {https://en.wikipedia.org/wiki/Homogeneous_function#Euler's_homogeneous_function_theorem}}
